<?xml version="1.0" encoding="UTF-8"?><collection xmlns="http://www.loc.gov/MARC21/slim"><record><leader>00480nam--2200193-i-4500</leader><controlfield tag="001">000043718</controlfield><controlfield tag="002">20161230</controlfield><controlfield tag="005">20161230201044</controlfield><controlfield tag="008">060222s1000------------r-----000-0-rus-d</controlfield><datafield ind1=" " ind2=" " tag="040"><subfield code="a">IFIN-HH</subfield></datafield><datafield ind1=" " ind2=" " tag="041"><subfield code="a">rus</subfield></datafield><datafield ind1=" " ind2=" " tag="080"><subfield code="a">539.144</subfield></datafield><datafield ind1="1" ind2=" " tag="100"><subfield code="a">Begjanov, R.B</subfield></datafield><datafield ind1="1" ind2="0" tag="245"><subfield code="a">Vremennia spektroskopia atomih iader</subfield><subfield code="c">R.b. begjanov, f.s. akilov</subfield></datafield><datafield ind1=" " ind2=" " tag="260"><subfield code="a">Taskent</subfield><subfield code="b">Fan</subfield><subfield code="c">1972</subfield></datafield><datafield ind1=" " ind2=" " tag="300"><subfield code="a">320P</subfield></datafield><datafield ind1="1" ind2=" " tag="700"><subfield code="a">Akilov, F.S</subfield></datafield><datafield ind1=" " ind2=" " tag="852"><subfield code="a">38402</subfield><subfield code="c">539.14</subfield></datafield><datafield ind1=" " ind2=" " tag="CAT"><subfield code="a">Sys</subfield><subfield code="c">20120329</subfield><subfield code="h">093634</subfield></datafield></record></collection>